@Article{ref:AFL,
  author       = "Wei Zhang",
  title        = "On arithmetic fundamental lemmas",
  journal      = "Invent. Math.",
  fjournal     = "Inventiones Mathematicae",
  volume       = "188",
  year         = "2012",
  number       = "1",
  pages        = "197--252",
  ISSN         = "0020-9910,1432-1297",
  MRclass      = "11G18",
  MRnumber     = "2897697",
  MRreviewer   = "Fabrizio\ Andreatta",
  DOI          = "https://doi.org/10.1007/s00222-011-0348-1",
}
