@Article{ref:AFL,
  author       = "Wei Zhang",
  title        = "On arithmetic fundamental lemmas",
  journal      = "Invent. Math.",
  fjournal     = "Inventiones Mathematicae",
  volume       = "188",
  year         = "2012",
  number       = "1",
  pages        = "197--252",
  ISSN         = "0020-9910,1432-1297",
  MRclass      = "11G18",
  MRnumber     = "2897697",
  MRreviewer   = "Fabrizio\ Andreatta",
  DOI          = "https://doi.org/10.1007/s00222-011-0348-1",
}

@Article{ref:gross_zagier,
  author       = "Benedict H. Gross and Don B. Zagier",
  title        = "Heegner points and derivatives of {$L$}-series",
  journal      = "Invent. Math.",
  fjournal     = "Inventiones Mathematicae",
  volume       = "84",
  year         = "1986",
  number       = "2",
  pages        = "225--320",
  ISSN         = "0020-9910,1432-1297",
  MRclass      = "11G40 (11F11 11G05 14G10)",
  MRnumber     = "833192",
  MRreviewer   = "Loren\ D.\ Olson",
  DOI          = "https://doi.org/10.1007/BF01388809",
}

@InCollection{ref:GGP,
  author       = "Wee Teck Gan and Benedict H. Gross and Dipendra
                 Prasad",
  title        = "Symplectic local root numbers, central critical {$L$}
                 values, and restriction problems in the representation
                 theory of classical groups",
  note         = "Sur les conjectures de Gross et Prasad. I",
  journal      = "Ast\'{e}risque",
  fjournal     = "Ast\'{e}risque",
  number       = "346",
  year         = "2012",
  pages        = "1--109",
  ISSN         = "0303-1179",
  isbn13       = "978-2856-29-3-4-8-5",
  MRclass      = "22E50 (11F70 11R39 22E55)",
  MRnumber     = "3202556",
}

@Article{ref:waldspurger,
  author       = "J.-L. Waldspurger",
  title        = "Quelques propri\'{e}t\'{e}s arithm\'{e}tiques de
                 certaines formes automorphes sur {${\rm GL}(2)$}",
  journal      = "Compositio Math.",
  fjournal     = "Compositio Mathematica",
  volume       = "54",
  year         = "1985",
  number       = "2",
  pages        = "121--171",
  ISSN         = "0010-437X",
  MRclass      = "11F70 (22E55)",
  MRnumber     = "783510",
  MRreviewer   = "Stephen Gelbart",
  URL          = "http://www.numdam.org.libproxy.mit.edu/item?id=CM_1985__54_2_121_0",
}

@Article{ref:GP1,
  author       = "Benedict H. Gross and Dipendra Prasad",
  title        = "On the decomposition of a representation of {${\rm
                 SO}_n$} when restricted to {${\rm SO}_{n-1}$}",
  journal      = "Canad. J. Math.",
  fjournal     = "Canadian Journal of Mathematics. Journal Canadien de
                 Math\'{e}matiques",
  volume       = "44",
  year         = "1992",
  number       = "5",
  pages        = "974--1002",
  ISSN         = "0008-414X,1496-4279",
  MRclass      = "22E50 (11R39 22E55)",
  MRnumber     = "1186476",
  MRreviewer   = "David\ Joyner",
  DOI          = "10.4153/CJM-1992-060-8",
  URL          = "https://doi.org/10.4153/CJM-1992-060-8",
}

@Article{ref:GP2,
  author       = "Benedict H. Gross and Dipendra Prasad",
  title        = "On irreducible representations of {${\rm
                 SO}_{2n+1}\times{\rm SO}_{2m}$}",
  journal      = "Canad. J. Math.",
  fjournal     = "Canadian Journal of Mathematics. Journal Canadien de
                 Math\'{e}matiques",
  volume       = "46",
  year         = "1994",
  number       = "5",
  pages        = "930--950",
  ISSN         = "0008-414X,1496-4279",
  MRclass      = "22E50 (11S37)",
  MRnumber     = "1295124",
  MRreviewer   = "Stephen\ Gelbart",
  DOI          = "https://doi.org/10.4153/CJM-1994-053-4",
}

@InCollection{ref:JR,
  author       = "Herv\'e{} Jacquet and Stephen Rallis",
  title        = "On the {G}ross-{P}rasad conjecture for unitary
                 groups",
  booktitle    = "On certain {$L$}-functions",
  series       = "Clay Math. Proc.",
  volume       = "13",
  pages        = "205--264",
  publisher    = "Amer. Math. Soc., Providence, RI",
  year         = "2011",
  isbn13       = "9780-8218-520-4-0",
  MRclass      = "22E55 (11F72)",
  MRnumber     = "2767518",
  MRreviewer   = "Christian\ A.\ Zorn",
}

@Article{ref:Wei2021,
  author       = "Wei Zhang",
  title        = "Weil representation and arithmetic fundamental lemma",
  journal      = "Ann. of Math. (2)",
  fjournal     = "Annals of Mathematics. Second Series",
  volume       = "193",
  year         = "2021",
  number       = "3",
  pages        = "863--978",
  ISSN         = "0003-486X,1939-8980",
  MRclass      = "11F27 (11F67 11G40 14C25 14G35)",
  MRnumber     = "4250392",
  MRreviewer   = "Rolf\ Berndt",
  DOI          = "https://doi.org/10.4007/annals.2021.193.3.5",
}

@Article{ref:MZ2021,
  author       = "A. Mihatsch and W. Zhang",
  title        = "On the {A}rithmetic {F}undamental {L}emma conjecture
                 over a general {$p$}-adic field",
  journal      = "J. Eur. Math. Soc. (JEMS)",
  fjournal     = "Journal of the European Mathematical Society (JEMS)",
  volume       = "26",
  year         = "2024",
  number       = "12",
  pages        = "4831--4901",
  ISSN         = "1435-9855,1435-9863",
  MRclass      = "11F67 (11G40 14G35)",
  MRnumber     = "4780495",
  DOI          = "https://doi.org/10.4171/jems/1375",
}

@Book{ref:Zhiyu,
  author       = "Zhiyu Zhang",
  title        = "Arithmetic {T}ransfers, {M}odularity of {A}rithmetic
                 {T}heta {S}eries and {G}eometry of {L}ocal-{G}lobal
                 {S}himura {V}arieties at {P}arahoric {L}evels",
  note         = "Thesis (Ph.D.)--Massachusetts Institute of
                 Technology",
  publisher    = "ProQuest LLC, Ann Arbor, MI",
  year         = "2023",
  pages        = "(no paging)",
  MRclass      = "99-05",
  MRnumber     = "4579165",
  URL          = "http://gateway.proquest.com/openurl?url_ver=Z39.88-2004&rft_val_fmt=info:ofi/fmt:kev:mtx:dissertation&res_dat=xri:pqm&rft_dat=xri:pqdiss:30451257",
}

@Article{ref:BeuzartPlessis,
  author       = "Rapha{\"e}l Beuzart-Plessis",
  title        = "A new proof of the {J}acquet-{R}allis fundamental
                 lemma",
  journal      = "Duke Math. J.",
  fjournal     = "Duke Mathematical Journal",
  volume       = "170",
  year         = "2021",
  number       = "12",
  pages        = "2805--2814",
  ISSN         = "0012-7094,1547-7398",
  MRclass      = "22E50 (11F85)",
  MRnumber     = "4305382",
  MRreviewer   = "Nadya\ Gurevich",
  DOI          = "10.1215/00127094-2020-0090",
  URL          = "https://doi.org/10.1215/00127094-2020-0090",
}
